@article{ClarkS14,
  author    = {Christopher Clark and
               Amos J. Storkey},
  title     = {Teaching Deep Convolutional Neural Networks to Play Go},
  journal   = {CoRR},
  volume    = {abs/1412.3409},
  year      = {2014},
  url       = {http://arxiv.org/abs/1412.3409},
  timestamp = {Thu, 01 Jan 2015 19:51:08 +0100},
  biburl    = {http://dblp.uni-trier.de/rec/bib/journals/corr/ClarkS14},
  bibsource = {dblp computer science bibliography, http://dblp.org}
}